<?xml version="1.0" encoding="UTF-8"?><collection xmlns="http://www.loc.gov/MARC21/slim"><record><leader>00432nam--2200133-i-4500</leader><controlfield tag="001">000020777</controlfield><controlfield tag="002">20161230</controlfield><controlfield tag="005">20161230201033</controlfield><controlfield tag="008">060222s1000------------r-----000-0-eng-d</controlfield><datafield ind1=" " ind2=" " tag="080"><subfield code="a">165 P</subfield></datafield><datafield ind1=" " ind2=" " tag="100"><subfield code="a">Ilie Parvu</subfield></datafield><datafield ind1=" " ind2=" " tag="245"><subfield code="a">Teoria stiintifica. modalitati de reconstructie si modele sistematice ale structurii si dinamicii teoriilor stiintifice</subfield></datafield><datafield ind1=" " ind2=" " tag="260"><subfield code="a">Bucuresti, Editura Stiintifica Si Enciclopedica, 1981 274 P</subfield></datafield><datafield ind1=" " ind2=" " tag="852"><subfield code="a">80701</subfield></datafield></record></collection>